% This file was created with JabRef 2.6.
% Encoding: UTF-8

@ARTICLE{Azuma1997,
  author = {Ronald T. Azuma},
  title = {A Survey of Augmented Reality},
  year = {1997},
  abstract = {This paper surveys the field of Augmented Reality, in which 3-D virtual
	objects are integrated into a 3-D real environment in real time.
	It describes the medical, manufacturing, visualization, path planning,
	entertainment and military applications that have been explored.
	This paper describes the characteristics of Augmented Reality systems,
	including a detailed discussion of the tradeoffs between optical
	and video blending approaches. Registration and sensing errors are
	two of the biggest problems in building effective Augmented Reality
	systems, so this paper summarizes current efforts to overcome these
	problems. Future directions and areas requiring further research
	are discussed. This survey provides a starting point for anyone interested
	in researching or using Augmented Reality. 1. Introduction 1.1 Goals
	This paper surveys the current state-of-the-art in Augmented Reality.
	It describes work performed at many different sites and explains
	the issues and problems encountered when ...},
  doi = {10.1.1.35.5387}
}

@ARTICLE{Bhaniramka2002,
  author = {Bhaniramka, Praveen and Demange, Yves},
  title = {OpenGL volumizer: a toolkit for high quality volume rendering of
	large data sets},
  year = {2002},
  pages = {45--54},
  address = {Piscataway, NJ, USA},
  booktitle = {VVS '02: Proceedings of the 2002 IEEE symposium on Volume visualization
	and graphics},
  isbn = {0-7803-7641-2},
  location = {Boston, Massachusetts},
  publisher = {IEEE Press}
}

@BOOK{Bruckner2008,
  title = {Efficient Volume Visualization of Large Medical Datasets: Concepts
	and Algorithms},
  publisher = {Vdm Verlag (Saarbrücken)},
  year = {2008},
  author = {Stefan Bruckner},
  address = {Saarbrücken},
  owner = {uli},
  timestamp = {2010.07.06}
}

@BOOKLET{FSFWhatIsFreeSoftware,
  title = {FSF - What is Free Software},
  author = {FSF},
  howpublished = {Web},
  lastchecked = {2010.10.22},
  owner = {uli},
  timestamp = {2010.10.22},
  url = {http://www.fsf.org/about/what-is-free-software},
  urldate = {2010.10.22}
}

@ARTICLE{Grozea,
  author = {Grozea, C. and Bankovic, Z. and Laskov, P.},
  title = {FPGA vs. Multi-Core CPUs vs. GPUs: Hands-on Experience with a Sorting
	Application}
}

@INPROCEEDINGS{Jensch2004,
  author = {Marco Eichelberg; Joerg Riesmeier; Thomas Wilkens; Andrew J. Hewett;
	Andreas Barth; Peter Jensch},
  title = {Ten years of medical imaging standardization and prototypical implementation:
	the DICOM standard and the OFFIS DICOM toolkit (DCMTK)},
  booktitle = {Medical Imaging 2004: PACS and Imaging Informatics},
  year = {2004},
  editor = {Osman M. Ratib; H. K. Huang, Editors},
  pages = {57-68},
  month = {April},
  doi = {10.1117/12.534853},
  owner = {uli},
  timestamp = {2010.10.25}
}

@MASTERSTHESIS{Kibritev2009,
  author = {Nikola Aleksiev Kibritev},
  title = {Anpassung eines Linux-Betriebssystems an ein FPGA-basiertes eingebettetes
	Mikroprozessorsystem},
  school = {Technische Universität Dresden},
  year = {2009},
  month = {May},
  owner = {uli},
  timestamp = {2010.10.25}
}

@ARTICLE{Kuszyk1996,
  author = {Kuszyk, B.S. and Heath, D.G. and Bliss, D.F. and Fishman, EK},
  title = {Skeletal 3-D CT: advantages of volume rendering over surface rendering},
  journal = {Skeletal radiology},
  year = {1996},
  volume = {25},
  pages = {207--214},
  number = {3},
  abstract = {Both surface rendering and volume rendering have been extensively
	applied to CT data for 3-D visualization of skeletal pathology. This
	review illustrates potential limitations of each technique by directly
	comparing 3-D images of bone pathology created using volume rendering
	and surface rendering. Surface renderings show gross 3-D relationships
	most effectively, but suffer from more stairstep artifacts and fail
	to effectively display lesions hidden behind overlying bone or located
	beneath the bone cortex. Volume-rendering algorithms effectively
	show subcortical lesions, minimally displaced fractures, and hidden
	areas of interest with few artifacts. Volume algorithms show 3-D
	relationships with varying degrees of success depending on the degree
	of surface shading and opacity. While surface rendering creates more
	three-dimensionally realistic images of the bone surface, it may
	be of limited clinical utility due to numerous artifacts and the
	inability to show subcortical pathology. Volume rendering is a flexible
	3-D technique that effectively displays a variety of skeletal pathology
	with few artifacts.},
  publisher = {Springer}
}

@CONFERENCE{Kutter2008,
  author = {Kutter, O. and Aichert, A. and Bichlmeier, C. and Traub, J. and Heining,
	SM and Ockert, B. and Euler, E. and Navab, N.},
  title = {Real-time volume rendering for high quality visualization in augmented
	reality},
  booktitle = {International Workshop on Augmented environments for Medical Imaging
	including Augmented Reality in Computer-aided Surgery (AMI-ARCS 2008),
	New York, USA},
  year = {2008}
}

@PROCEEDINGS{Lapeer2004,
  title = {PC-based Volume Rendering for Medical Visualisation and Augmented
	Reality based Surgical Navigation},
  year = {2004},
  address = {Washington, DC, USA},
  publisher = {IEEE Computer Society},
  abstract = {We describe a generic software architecture for stereoscopic augmented
	reality microsurgery, built upon a general framework for volume rendering
	based 3D visualisation. The software is called ARView and allows
	the user to perform the standard procedures for stereoscopic augmented
	reality surgical navigation: calibration of a visualisation device;
	registration of pre-operatively and intra-operatively acquired patient
	image data; overlaying with either volume or surface rendered (segmented)
	data using different methodologies; and tracking of moving objects
	in the surgical scene.},
  author = {Lapeer, R. J. and Rowland, R. S. and Chen, Min Si},
  booktitle = {IV '04: Proceedings of the Information Visualisation, Eighth International
	Conference},
  doi = {http://dx.doi.org/10.1109/IV.2004.109},
  isbn = {0-7695-2177-0},
  pages = {67--72}
}

@ARTICLE{Leeser2005,
  author = {Leeser, M. and Coric, S. and Miller, E. and Yu, H. and Trepanier,
	M.},
  title = {Parallel-beam backprojection: an FPGA implementation optimized for
	medical imaging},
  journal = {The Journal of VLSI Signal Processing},
  year = {2005},
  volume = {39},
  pages = {295--311},
  number = {3},
  key = {Lee05},
  owner = {uli},
  publisher = {Springer}
}

@ARTICLE{Sumanaweera2005,
  author = {Sumanaweera, T. and Liu, D.},
  title = {Medical image reconstruction with the FFT},
  journal = {GPU Gems},
  year = {2005},
  volume = {2},
  pages = {765--784}
}

@ARTICLE{Suthau2002,
  author = {Suthau, T. and Vetter, M. and Hassenpflug, P. and Meinzer, H.P. and
	Hellwich, O.},
  title = {A concept work for Augmented Reality visualisation based on a medical
	application in liver surgery},
  journal = {INTERNATIONAL ARCHIVES OF PHOTOGRAMMETRY REMOTE SENSING AND SPATIAL
	INFORMATION SCIENCES},
  year = {2002},
  volume = {34},
  pages = {274--280},
  number = {5},
  publisher = {Citeseer}
}

@ARTICLE{Suthau2002DE,
  author = {Suthau, T. and Vetter, M. and Hassenpflug, P. and Meinzer, H.P. and
	Hellwich, O.},
  title = {Konzeption und Einsatz von Augmented Reality in der Leberchirugie},
  year = {2002},
  publisher = {DGPF}
}

@CONFERENCE{Thomas2009,
  author = {Thomas, D.B. and Howes, L. and Luk, W.},
  title = {A comparison of CPUs, GPUs, FPGAs, and massively parallel processor
	arrays for random number generation},
  booktitle = {Proceeding of the ACM/SIGDA international symposium on Field programmable
	gate arrays},
  year = {2009},
  pages = {63--72},
  organization = {ACM}
}

@MASTERSTHESIS{Tirtasana2000,
  author = {Michael Tirtasana},
  title = {Ein hierarchischer Algorithmus zur Visualisierung von sehr großen
	volumetrischen Datensätzen in Echtzeit},
  school = {Fachhochschule Köln},
  year = {2000},
  type = {Diplomarbeit},
  address = {http://advm2.gm.fh-koeln.de/~hstl/Dokumente/DiplomMichaelTirtasana.pdf},
  month = {Mai},
  owner = {uli},
  timestamp = {2010.07.06}
}

@BOOK{Toe2010,
  title = {Einführung in die Augmented Reality},
  publisher = {Springer Verlag},
  year = {2010},
  author = {Tönnis, Marcus},
  address = {Heidelberg},
  abstract = {Wem zum ersten Mal der Begriff Erweiterte Realität (Augmented Reality,
	AR) und die zugehörigen Prinzipien erklärt werden, antwortet meistens
	folgendermaßen: ,,Das gibt es doch schon in den Kinofilmen, die im
	Computer nachbearbeitet werden“. Der Vergleich zu Kinofilmen ist
	allerdings nur teilweise richtig. Um die Unterschiede genauer zu
	erklären, beginnt dieses Buch mit der Aufschlüsselung der grundlegenden
	Paradigmen der Augmented Reality. Die nachfolgenden Kapitel beziehen
	schrittweise einzelne Technologien und Komponenten von AR-Systemen
	ein und entwickeln dann ein exemplarisches AR-System.},
  isbn = {978-3-642-14178-2},
  key = {Tön10}
}

@ARTICLE{Udupa2009,
  author = {Udupa, Jayaram and Hung, Hsiu-Mei and Chuang, Keh-Shih},
  title = {Surface and volume rendering in three-dimensional imaging: A comparison},
  journal = {Journal of Digital Imaging},
  year = {1991},
  volume = {4},
  pages = {159-168},
  note = {10.1007/BF03168161},
  affiliation = {University of Pennsylvania Medical Image Processing Group, Department
	of Radiology 19104-6021 Philadelphia PA},
  issn = {0897-1889},
  issue = {3},
  keyword = {Medicine},
  publisher = {Springer New York},
  url = {http://dx.doi.org/10.1007/BF03168161}
}

@ARTICLE{Wieczorek2010,
  author = {Wieczorek, M. and Aichert, A. and Kutter, O. and Bichlmeier, C. and
	Landes, J. and Heining, S.M. and Euler, E. and Navab, N.},
  title = {GPU-accelerated rendering for medical augmented reality in minimally-invasive
	procedures},
  journal = {Proceedings of Bildverarbeitung fuer die Medizin (BVM 2010), Aachen,
	Germany},
  year = {2010},
  publisher = {Citeseer}
}

@BOOKLET{DCMTKWebsite,
  title = {DCMTK - DICOM Toolkit},
  howpublished = {Web},
  lastchecked = {2010.10.25},
  timestamp = {2010.10.25},
  url = {http://dicom.offis.de/dcmtk.php.en},
  urldate = {2010.10.25}
}

@BOOKLET{NARVISWebsite,
  title = {NARVIS},
  url = {http://offis.de},
  urldate = {2010.10.25}
}

@BOOKLET{OFFISWebsite,
  title = {OFFIS e.V. - Oldenburger Forschungs- und Entwicklungsinstitut für
	Informatik},
  howpublished = {Web},
  lastchecked = {2010.10.25},
  timestamp = {2010.10.25},
  url = {http://offis.de},
  urldate = {2010.10.25}
}

@comment{jabref-meta: selector_publisher:}

@comment{jabref-meta: selector_author:}

@comment{jabref-meta: selector_journal:}

@comment{jabref-meta: selector_keywords:}

