% This file was created with JabRef 2.5.
% Encoding: UTF-8

@ARTICLE{Bhaniramka2002,
  author = {Bhaniramka, Praveen and Demange, Yves},
  title = {OpenGL volumizer: a toolkit for high quality volume rendering of
	large data sets},
  year = {2002},
  pages = {45--54},
  address = {Piscataway, NJ, USA},
  booktitle = {VVS '02: Proceedings of the 2002 IEEE symposium on Volume visualization
	and graphics},
  isbn = {0-7803-7641-2},
  location = {Boston, Massachusetts},
  publisher = {IEEE Press}
}

@ARTICLE{Botden2009,
  author = {Botden, S.M.B.I. and Jakimowicz, J.J.},
  title = {{What is going on in augmented reality simulation in laparoscopic
	surgery?}},
  journal = {Surgical endoscopy},
  year = {2009},
  volume = {23},
  pages = {1693--1700},
  number = {8},
  publisher = {Springer}
}

@BOOK{Bruckner2008,
  title = {Efficient Volume Visualization of Large Medical Datasets: Concepts
	and Algorithms},
  publisher = {Vdm Verlag},
  year = {2008},
  author = {Stefan Bruckner},
  owner = {uli},
  timestamp = {2010.07.06}
}

@CONFERENCE{Lapeer2004,
  author = {Lapeer, RJ and Rowland, RS and Chen, M.S.},
  title = {{PC-based volume rendering for medical visualisation and augmented
	reality based surgical navigation}},
  booktitle = {Proceedings of the Information Visualisation, Eighth International
	Conference},
  year = {2004},
  pages = {72},
  organization = {IEEE Computer Society}
}

@MASTERSTHESIS{Tirtasana2000,
  author = {Michael Tirtasana},
  title = {Ein hierarchischer Algorithmus zur Visualisierung von sehr großen
	volumetrischen Datensätzen in Echtzeit},
  school = {Fachhochschule Köln},
  year = {2000},
  type = {Diplomarbeit},
  month = {Mai},
  owner = {uli},
  timestamp = {2010.07.06}
}

@ARTICLE{Tran2009,
  author = {Tran, H.H. and Matsumiya, K. and Masamune, K. and Sakuma, I. and
	Dohi, T. and Liao, H.},
  title = {{Interactive 3D Navigation System for Image-guided Surgery}},
  journal = {The International Journal of Vir tual Reality},
  year = {2009},
  volume = {8},
  pages = {9316},
  number = {1}
}

@comment{jabref-meta: selector_publisher:}

@comment{jabref-meta: selector_author:}

@comment{jabref-meta: selector_journal:}

@comment{jabref-meta: selector_keywords:}

